<?xml version="1.0" encoding="UTF-8"?><record xmlns="http://www.loc.gov/MARC21/slim" xmlns:cinclude="http://apache.org/cocoon/include/1.0" xmlns:zs="http://www.loc.gov/zing/srw/">
  <leader>00333nz  a2200121n  4500</leader>
  <controlfield tag="001">n  91121075 </controlfield>
  <controlfield tag="003">DLC</controlfield>
  <controlfield tag="005">19911127163200.3</controlfield>
  <controlfield tag="008">911127n| acannaab|          |n aaa |||  </controlfield>
  <datafield tag="010" ind1=" " ind2=" ">
    <subfield code="a">n  91121075 </subfield>
  </datafield>
  <datafield tag="040" ind1=" " ind2=" ">
    <subfield code="a">DLC</subfield>
    <subfield code="c">DLC</subfield>
  </datafield>
  <datafield tag="100" ind1="1" ind2="0">
    <subfield code="a">Baldwin, Shirley M.</subfield>
  </datafield>
  <datafield tag="670" ind1=" " ind2=" ">
    <subfield code="a">Her First aid for the office and workplace, c1991:</subfield>
    <subfield code="b">t.p. (Shirley M. Baldwin)</subfield>
  </datafield>
</record>